@book{dorf2011modern,
  	author		= {Richar C. Dorf and Robert H. Bishop},
  	title		= {Modern control systems},
  	subtitle	= {},
  	publisher	= {Pearson Education, Inc},
	edition		= {12ª},
	address		= {New Jersey},
	year		= {2011}
}

@book{nise2009engenharia,
	author		= {Norman Nise},
  	title		= {Engenharia de sistemas de controle},
	subtitle	= {},
	publisher	= {LTC},
	edition		= {3ª},
	address		= {Califórnia},
	year		= {2009}
}

@book{Ogata,
	author 		= {Katsuhiko Ogata},
	title 		= {Modern Control Engineering},
	subtitle	= {},
	publisher 	= {Prentice Hall, Pearson Education, Inc},
	edition 	= {5ª},
 	address		= {New Jersey},
	year 		= {2010}
}

@book{JairJoaoGermano,
	author 		= {Jair Minoro Abe and João Inácio da Silva Filho and Germano Lambert Torres},
	title 		= {Inteligência Artificial com as Redes de Análise Paraconsistentes. },
	subtitle	= {Teoria e Aplicação},
	publisher 	= {LTC},
	edition 	= {1ª},
 	address		= {},
	year 		= {2008}
}


@mastersthesis{Ferreira2012,
	author		= {Cesar Ferreira},
	title		= { Estudo Comparativo entre as 
			  Técnicas de Controle 
			  Fuzzy, PI e Adaptativo Aplicado ao
			  Processo de Fabricação de Papel Reciclado 
			  Utilizando a Ferramenta Delta Tune},
	address		= {Paraná},
	school		= {Universidade Estadual de Londrina },
	year		= {2009}
}

@mastersthesis{Vander,
	author		= {Vander Celio Nunes},
	title		= { Aplicação da 
			  Lógica Paraconsistente Anotada 
			  de anotação com dois valores - LPA2v em 
			  tomada de decisão de um 
			  Manipulador Robótico Industrial no 
			  processo de paletização },
	address		= {Santos},
	school		= {Universidade Santa Cecília },
	year		= {2015}
}

@mastersthesis{Marcelo,
	author		= {Marcelo Saraiva Coelho},
	title		= { Controle PI Híbrido com 
			  Lógica Paraconsistente aplicado 
			  em malha de controle de 
			  nível em vaso pressurizado},
	address		= {Santos},
	school		= {Universidade Santa Cecília },
	year		= {2015}
}

@phdthesis{Gomes2013,
	author		= {Evandro Luís Gomes},
	title		= {Sobre a história da paraconsistência e a 
			  obra de da Costa: a istauração da Lógica 
		          Paraconsistente},
	school		= {Instituto de Filosofia e Ciências Humanas - 
			  Universidade Estadual de Campinas},
	address		= {Campinas},
	year		= {2013}
}

@phdthesis{Abe1992,
	author		= {Jair Minoro Abe},
	title		= {Fundamentos da Lógica Anotada},
	school		= {Faculdade de Filosofia, Letras e Ciências Humanas - 
			  Universidade de São Paulo},
	address		= {São Paulo},
	year		= {1992}
}


@article{Abe2014,
	author		= {Jair Minoro Abe},
	title		= {Remarks on Paraconsistent Annotated Evidential Logic ${E}\tau$ },
	journal 	= {Unisanta Science and Technology},
	address		= {Santos},
	month		= {July},
	year		= {2014},
	volume		= {3},
	number		= {1},
	pages		= {25-29}
}

@article{JISFeAS,
	author		= {João Inácio {DA SILVA FILHO} and 
			  Alexandre Scalzitti},
	title		= {Análise de Sinais de Informações em Lógica Paraconsistente Anotada},
	journal 	= {Revista Seleção Documental},
	address		= {Santos},
	month		= {Março},
	year		= {2009},
	volume		= {},
	number		= {14},
	pages		= {22-26}
}

@article{JoaoInacio,
	author		= {João Inácio {DA SILVA FILHO}},
	title		= {Métodos de Aplicações da Lógica Paraconsistente 
			  Anotada de anotação com dois valores-LPA2v },
	journal 	= {Revista Seleção Documental},
	address		= {Santos},
	month		= {Março},
	year		= {2006},
	volume		= {1},
	number		= {1},
	pages		= {18-25}
}

@article{DecioKrause,
	author 		= {Décio Krause},
	title 		= {Lógica Paraconsistente},
	journal		= {Scientific American Brasil},
	address		= {São Paulo},
	month		= {Nov},
	year 		= {2004},
	volume		= {},
	number		= {30},
	pages		= {70-77}
}


@proceedings{trendsinlogic,
	conference 	= {Trends In Logic XVI - 
		  	  Studia Logica International Conference},
	cnumber		= {16},
	cyear		= {2016},
	cadrress	= {Campinas},
	title		= {Consistency, Constradiction, Paraconsistency, and 
			  Reasoning - 40 year of CLE},
	editor		= {J. Bueno-Soler and W. Carnielli and R. Testa},
	address		= {Campinas, São Paulo - Brazil},
	publisher	= {Center for Logic, Epistemology and the History of Science},
	howpublished 	= {\url{https://www.cle.unicamp.br/trendsxvi/index.html}},
	year		= {2016}
}


@article{JISF2011,
	author		= {João Inácio {DA SILVA FILHO} and 
			  Jair Minoro Abe},
	title		= {Aspectos de Lógica e Teoria da Ciência:
			  Pesquisa e Métodos de Aplicações da 
			  Lógica Paraconsistente Anotada em
			  Sistemas de Inteligência Artificial },
	journal 	= {Instituto de Estudos Avançados da 
			  Universidade de São Paulo},
	address		= {São Paulo},
	month		= { },
	year		= {2011},
	volume		= { },
	number		= { },
	pages		= {50-83}
}


@article{FabioIsraelJair,
	author		= {Fábio Romeu de Carvalho and 
			  Israel Brunstein and
			  Jair Minoro Abe},
	title		= {Um Estudo de Tomada de Decisão 
			  Baseado em Lógica Paraconsistente Anotada: 
			  Avaliação do Projeto de uma Fábrica },
	journal 	= {Revista Pesquisa e Desenvolvimento 
			  Engenharia de Produção},
	address		= {São Paulo},
	month		= {Dez},
	year		= {2003},
	volume		= { },
	number		= {1},
	pages		= {47-62}
}



@article{ClaudioRodrigoTorres,
	author		= {Cláudio Rodrigo Torres and
			  Régis Reis},
	title		= {Utilização da Lógica Paraconsistente Anotada 
			  Evidencial para Controle de uma 
			  Unidade Robótica Móvel Autônoma},
	journal		= {Tópicos de Sistemas Inteligentes Baseados em
			  Lógicas Não-Clássicas},
	address		= {São Paulo},
	month		= { },
	year		= {2016},
	volume		= { },
	number		= { },
	pages		= {5-32}
}

@article{MauricioCM,
	author		= {Mauricio Conceição Mario and
			  João Inácio da Silva Filho and
			  Jair Minoro Abe},
	title		= {Modelo de análise de mamografias através do uso da
			  Lógica Paraconsistente Anotada para auxílio de 
			  diagnóstico de patologias da mama},
	journal		= {Tópicos de Sistemas Inteligentes Baseados em
			  Lógicas Não-Clássicas},
	address		= {São Paulo},
	month		= { },
	year		= {2016},
	volume		= { },
	number		= { },
	pages		= {97-115}
}



%Da Silva Filho, J.I., G.L. Torres & J.M. Abe, 
%Uncertainty Treatment Using Paraconsistent Logic - Introducing Paraconsistent Artificial Neural Networks, 
%IOS Press, Holanda, Vol. 211, 
%ISBN 978-1-60750-557-0, 
%doi: 10.3233/978-1-60750-558-7-I, 
%328pp., 2010.

 

%Abe, J.M., J.I. Da Silva Filho, U. Celestino & H.C. de Araújo, 
%Lógica Paraconsistente Anotada Evidencial Et, 
%livro, Editora Comunicar, 99pp., 
%ISBN 9788599561928, 
%2011

 
%Jair Minoro Abe, Seiki Akama, Kazumi Nakamatsu, 
%Introduction to Annotated Logics - Foundations for Paracomplete and Paraconsistent Reasoning, 
%Series Title Intelligent Systems Reference Library, Volume  88, 
%Publisher Springer International Publishing, 
%Copyright Holder Springer International Publishing Switzerland, 
%eBook ISBN 978-3-319-17912-4, 
%DOI 10.1007/978-3-319-17912-4, 
%Hardcover ISBN 978-3-319-17911-7, 
%Series ISSN 1868-4394, 
%Edition Number 1, 190 pages, 2015.

 

 

%Jair Minoro Abe, 
%Paraconsistent Intelligent Based-Systems:  New Trends in the Applications of Paraconsistency, 
%editor, Book Series: “Intelligent Systems Reference Library”, 
%Springer-Verlag, Vol. 94, 
%ISBN:978-3-319-19721-0, 
%306 pages, 
%Germany, 2015.

 

%Seiki Akama, 
%Towards Paraconsistent Engineering,  
%Intelligent Systems Reference Library, 
%Volume 110, 234 pages, 2016, 
%ISBN: 978-3-319-40417-2 (Print) 978-3-319-40418-9 (Online), 
%Series ISSN 1868-4394, Publisher Springer International Publishing
%DOI: 10.1007/978-3-319-40418-9

 